% Version 3.0
% In dieses File sind die Quellen einzugeben.

% Es gibt verschiedene Arten von Quellen. M"oglich sind z.B.:
% article
% book
% ... (siehe http://de.wikipedia.org/wiki/BibTeX)

% Sollten hier Eintr"age fehlen (etwa ein Autor bei einem Artikel), dann wird man beim Durchlauf von BibTeX 
% darauf aufmerksam gemacht. Leere Felder werden von BibTeX ignoriert.
% Nicht zitierte Quellen dieses Files erscheinen nicht im Dokument!

% Achtung! Sollen Gro"ssbuchstaben oder deutsche Sonderzeichen verwendet werden, dann muss der gesamte Text in einer 
% ZUS"ATZLICHEN geschweiften Klammer geschrieben werden. Siehe Beispiele unten.	

% Bei Bedarf k"onnen im File *.bbl "Anderungen vorgenommen werden.
% 


@misc{orca,
    title                   ={{GNOME Orca}},
    howpublished    ={Website},               
    note ={\url{http://projects.gnome.org/orca/} [Zugang am 8.12.2012]},
    number              ={},
    organization    ={GNOME},
    year                    ={2012},
}

@misc{us_cens,
        key                     ={},
        author              ={Judith Waldrop and Sharon M. Stern},
        title                   ={{Disability Status: 2000}},
        booktitle           ={},
    chapter             ={},
        edition             ={},
    editor              ={},
    howpublished    ={Website},
    institution     ={},
    journal             ={},
    month                   ={},
    note ={\url{http://www.census.gov/prod/2003pubs/c2kbr-17.pdf} [Zugang am 8.12.2012]},
    number              ={},
    organization    ={},
    pages                   ={},
    publisher           ={},
        address             ={},
    school              ={},
    series              ={},
    type                    ={},
    volume              ={},
    year                    ={2000},
}

@misc{who_dis,
        key                     ={},
        author              ={WHO},
        title                   ={{Disability, including prevention, management
and rehabilitation}},
    howpublished    ={Website},
    note  ={\url{http://www.who.int/nmh/a5817/en/} [Zugang am 8.12.2012]},
    organization    ={WHO},
}

@misc{role_attr,
        key                     ={},
        author              ={W3C},
        title                   ={{Role Attribute 1.0}},
    howpublished    ={Website},
    note  ={\url{http://www.w3.org/TR/2012/CR-role-attribute-20120712/} [Zugang am 8.12.2012]},
    organization    ={WHO},
}



@article{achieving_web_acc,
        key                     ={},
        author              ={Brian Sierkowski},
        title                   ={{Achieving Web Accessibility}},
        booktitle           ={},
    chapter             ={},
        edition             ={},
    editor              ={},
    howpublished    ={},
    institution     ={},
    journal             ={SIGUCCS '02 Proceedings of the 30th annual ACM
SIGUCCS conference on User services},
    month                   ={},
    note                    ={},
    number              ={},
    organization    ={},
    pages                   ={288-291},
    publisher           ={ACM New York},
        address             ={New York, USA},
    school              ={Indiana University School of Education},
    series              ={},
    type                    ={},
    volume              ={},
    year                    ={2002},
}

@article{screen_read,
        key                     ={},
        author              ={Jeffrey P. Bigham, Craig M. Prince and Richard E.
Ladner},
        title                   ={{WebAnywhere: A Screen Reader On-the-Go}},
        booktitle           ={},
    chapter             ={},
        edition             ={},
    editor              ={},
    howpublished    ={},
    institution     ={},
    journal             ={},
    month                   ={},
    note                    ={},
    number              ={},
    organization    ={},
    pages                   ={1},
    publisher           ={ACM New York},
        address             ={New York, USA},
    school              ={Department of Computer Science and Engineering
University of Washington},
    series              ={},
    type                    ={},
    volume              ={},
    year                    ={2008},
}

@article{screen_read_frust,
        key                     ={},
        author              ={Jonathan Lazar, Aaron Allen, Jason Kleinman
and Chris Malarkey},
        title                   ={{What Frustrates Screen Reader Users on the
Web: A Study of 100 Blind Users}},
        booktitle           ={},
    chapter             ={},
        edition             ={},
    editor              ={},
    howpublished    ={},
    institution     ={},
    journal             ={International Journal of Human-Computer
Interaction},
    month                   ={},
    note                    ={},
    number              ={},
    organization    ={},
    pages                   ={247-269},
    publisher           ={ACM New York},
        address             ={New York, USA},
    school              ={Department of Computer and Information Sciences,
Towson University},
    series              ={},
    type                    ={},
    volume              ={},
    year                    ={2008},
}


@misc{un_disabilities,
        key                     ={},
        author              ={United Nations},
        title                   ={{Convention on the Rights of Persons with Disabilities}},
        booktitle           ={},
    chapter             ={},
        edition             ={},
    editor              ={},
    howpublished    ={Website},
    institution     ={},
    journal             ={},
    month                   ={},
    note                    ={\url{http://www.un.org/disabilities/default.asp?navid=12&pid=150} [Zugang am 8.12.2012]},
    number              ={},
    organization    ={UN},
    pages                   ={},
    publisher           ={},
        address             ={},
    school              ={},
    series              ={},
    type                    ={},
    volume              ={},
    year                    ={2007},
}

