% Version 3.0
% In dieses File sind die Quellen einzugeben.

% Es gibt verschiedene Arten von Quellen. Möglich sind z.B.:
% article
% book
% ... (siehe http://de.wikipedia.org/wiki/BibTeX)

% Sollten hier Einträge fehlen (etwa ein Autor bei einem Artikel), dann wird man beim Durchlauf von BibTeX 
% darauf aufmerksam gemacht. Leere Felder werden von BibTeX ignoriert.
% Nicht zitierte Quellen dieses Files erscheinen nicht im Dokument!

% Achtung! Sollen Großsbuchstaben oder deutsche Sonderzeichen verwendet werden, dann muss der gesamte Text in einer 
% ZUSäTZLICHEN geschweiften Klammer geschrieben werden. Siehe Beispiele unten.	

% Bei Bedarf können im File *.bbl änderungen vorgenommen werden.
% 
@conference{smartphone
    key = {},
    author = {Feida Lin und Weiguo Ye},
    title = {Operating System Battle in the Ecosystem of
Smartphone Industry},
    journal = {2009 International Symposium on Information Engineering and Electronic Commerce},
    year = {2009},
}

@misc{android,
    title                   ={{Android Developer Website}},
    howpublished    ={Website},               
    note ={\url{http://developer.android.com/} [Zugang am 20.05.2013]},
    number              ={},
    organization    ={Google},
    year                    ={2013},
}

@misc{ios,
    title                   ={{iOS Dev Center}},
    howpublished    ={Website},               
    note ={\url{https://developer.apple.com/devcenter/ios/index.action} [Zugang am 20.05.2013]},
    number              ={},
    organization    ={Apple},
    year                    ={2013},
}


@misc{phonegap,
    title                   ={{PhoneGap Website}},
    howpublished    ={Website},               
    note ={\url{http://phonegap.com/} [Zugang am 20.05.2013]},
    number              ={},
    organization    ={Adobe},
    year                    ={2013},
}

@misc{firefoxos,
    title                   ={{Firefox OS Webseite}},
    howpublished    ={Website},               
    note ={\url{https://developer.mozilla.org/en/docs/Mozilla/Firefox_OS} [Zugang am 20.05.2013]},
    number              ={},
    organization    ={Mozilla},
    year                    ={2013},
}



@mastersthesis{test_large_systems,
    key                     ={},
    author              = {Christian Dobritzhofer},
    title                   ={{Towards Test Methodologies for Developing Large Systems}},
    school              ={Technische Universität Wien},
    year                    ={1994},
}

@mastersthesis{eval_automat_webapp_test,
    key                     ={},
    author              = {Serkan Avci},
    title                   ={{Evaluieren von automatisierten Tests bei Web-Applikationen}},
    school              ={Technische Universität Wien},
    year                    ={2010},
}

@mastersthesis{eval_regression,
    key                     ={},
    author              = {Markus Oberreiter},
    title                   ={{Evaluierung, Konzeption und Härtung eines Testprozesses für automatisierte Regressionstests in einem mittelgroßen Entwicklungsszenario}},
    school              ={Technische Universität Wien},
    year                    ={2011},
}

@mastersthesis{empiric_invest,
    key                     ={},
    author              = {Martina Schmidt},
    title                   ={{An Empirical Investigation of Human-Based and Tool-Supported Testing Strategies}},
    school              ={Technische Universität Wien},
    year                    ={2011},
}


@mastersthesis{process_oop,
    key                     ={},
    author              = {Georg W. Salmen},
    title                   ={{The Testprocess in view of Object Oriented Programming}},
    school              ={Technische Universität Wien},
    year                    ={1999},
}



@mastersthesis{betrieb,
    key                     ={},
    author              = {Franz Richter},
    title                   ={{Betriebliche Einführung von automatischen Softwaretests unter Berücksichtigung ökonomischer und technischer Rahmenbedingungen}},
    school              ={Technische Universität Wien},
    year                    ={2007},
}



@mastersthesis{htmlunit,
    key                     ={},
    author              = {Andreas Langer},
    title                   ={{Extending HtmlUnit for Test Automatisation of Web Applications using AJAX}},
    school              ={Technische Universität Wien},
    year                    ={2009},
}



@mastersthesis{component,
    key                     ={},
    author              = {Marija Jovanovic},
    title                   ={{Komponententest in den 'agilen' Softwareentwicklungsmethoden}},
    school              ={Technische Universität Wien},
    year                    ={2001},
}

@mastersthesis{test_auto,
    key                     ={},
    author              = {Alois Waser},
    title                   ={{Test Automation A Case Study}},
    school              ={Technische Universität Wien},
    year                    ={2002},
}


@book{testing_apps_on_web,
    key                     ={},
    author              = {Hung Q. Nguyen},
    title                   ={{Testing Applications on the Web}},
    publisher = {Wiley Computer Publishing},
    year                    ={2001},
}


@book{internet_times,
    key                     ={},
    author              = {Dirk Meyerhoff, Begona Laibarra, Rob van der Pouw Kraan und Alan Wallet},
    title                   ={{Software Quality And Software Testing in Internet Times}},
    publisher = {Springer},
    year                    ={2002},
}

@book{software_qual,
    key                     ={},
    author              = {Dirk W. Hoffmann},
    title                   ={{Software-Qualität}},
    publisher = {Springer},
    year                    ={2008},
}

@book{agile_test,
    key                     ={},
    author              = {John Watkins},
    title                   ={{Agile Testing}},
    publisher = {Cambridge},
    year                    ={2009},
}